@article{Dias2019selected,
  title={Selected topics in numerical methods for cosmology},
  author={Dias Pinto Vitenti, Sandro and Penna-Lima, Mariana},
  journal={Universe},
  volume={5},
  number={9},
  pages={192},
  year={2019},
  publisher={MDPI}
}
@article{Chantada2023cosmology,
  title={Cosmology-informed neural networks to solve the background dynamics of the Universe},
  author={Chantada, Augusto T and Landau, Susana J and Protopapas, Pavlos and Sc{\'o}ccola, Claudia G and Garraffo, Cecilia},
  journal={Physical Review D},
  volume={107},
  number={6},
  pages={063523},
  year={2023},
  publisher={APS}
}

